@article{adaboost,
 title={{Improved boosting algorithms using confidence-rated predictions}},
 author={Schapire, R. E. and Singer, Y.},
 journal={Machine Learning},
 volume={37(3)},
 pages={297--336},
 year={1999},
}

@inproceedings{multiclass,
 author = {Busa-Fekete, R. and Kegl, B.},
 title = {{Accelerating AdaBoost using UCB}},
 booktitle = {JMLR: Workshop and Conference Proceedings, KDD cup 2009},
 volume={7},
 year = {2009},
 pages = {111--122},
 }

@article{leslie,
 title={Mismatch string kernels for discriminative protein classification.},
 author={Leslie, C. S. and Eskin, E. and Cohen, A. and Weston, J. and Noble, W. S.},
 journal={Bioinformatics},
 volume={20(4)},
 pages={467--476},
 year={2004},
}


@inproceedings{adts,
 author = {Freund, Y. and Mason, L.},
 title = {{The Alternating Decision Tree Algorithm.}},
 booktitle = {Proceedings of the 16th International Conference on Machine Learning},
 year = {1999},
 pages = {124--133},
 }
